% Encoding: UTF-8

@Book{DAmore1975,
  author    = {Bruno D'Amore},
  date      = {1975},
  title     = {Algebra},
  pages     = {84},
  publisher = {Pitagora Editrice Bologna},
  series    = {Esercitazioni di matematica},
  volumes   = {12},
  owner     = {Claudio Duchi},
  timestamp = {2020-03-28},
}

@Comment{jabref-meta: databaseType:biblatex;}
